<record><leader>00000cas a2200000 a 4500</leader><controlfield tag="001">11207934</controlfield><controlfield tag="008">840928d18831884ksudr ne      0   a0eng d</controlfield><controlfield tag="009">3789</controlfield><datafield ind1=" " ind2=" " tag="010"><subfield code="a">sn 84029648 </subfield></datafield><datafield ind1=" " ind2=" " tag="040"><subfield code="a">KSH</subfield><subfield code="b">eng</subfield><subfield code="c">KSH</subfield><subfield code="d">NPT</subfield><subfield code="d">MGN</subfield><subfield code="d">OCL</subfield></datafield><datafield ind1=" " ind2=" " tag="042"><subfield code="a">msc</subfield></datafield><datafield ind1="0" ind2="4" tag="245"><subfield code="a">The Daily Kansas herald.</subfield></datafield><datafield ind1=" " ind2=" " tag="260"><subfield code="a">Lawrence, Kan. :</subfield><subfield code="b">Herald Pub. Co.,</subfield><subfield code="c">1883-1884.</subfield></datafield><datafield ind1=" " ind2=" " tag="300"><subfield code="a">2 v. :</subfield><subfield code="b">ill. ;</subfield><subfield code="c">49 cm.</subfield></datafield><datafield ind1=" " ind2=" " tag="310"><subfield code="a">Daily (except Sun.)</subfield></datafield><datafield ind1="0" ind2=" " tag="362"><subfield code="a">Vol. 1, no. 1 (Mar. 7, 1883)-v. 1, no. 240 (Dec. 31, 1883) ; Vol. 2, no. 1 (Jan. 2, 1884)-v. 2, no. 170 (July 16, 1884) = Whole no. 241-no. 410.</subfield></datafield><datafield ind1=" " ind2=" " tag="500"><subfield code="a">Published by: Herald Pub. Co., Mar. 7, 1883-July 11, 1884; W.F. Chalfant &amp; Co., July 12-16, 1884.</subfield></datafield><datafield ind1=" " ind2=" " tag="752"><subfield code="a">United States</subfield><subfield code="b">Kansas</subfield><subfield code="c">Douglas</subfield><subfield code="d">Lawrence.</subfield></datafield><datafield ind1="1" ind2=" " tag="775"><subfield code="t">Weekly Kansas herald (Lawrence, Kan.)</subfield><subfield code="w">(DLC)sn 84029631</subfield></datafield><datafield ind1="0" ind2="7" tag="785"><subfield code="t">Evening news (Lawrence, Kan.)</subfield><subfield code="w">(DLC)sn 84029617</subfield></datafield><datafield ind1="0" ind2="7" tag="785"><subfield code="t">Daily herald and tribune</subfield><subfield code="w">(DLC)sn 84029601</subfield></datafield></record>